@book{May1973,
  title = {Stability and Complexity in Model Ecosystems},
  author = {May, Robert},
  year = {1973},
  publisher = {{Princeton University Press}}
}
